<?xml version="1.0" encoding="UTF-8"?><collection xmlns="http://www.loc.gov/MARC21/slim"><record><leader>00596nam--2200193-u-4500</leader><controlfield tag="001">000053261</controlfield><controlfield tag="002">20161230</controlfield><controlfield tag="005">20161230201051</controlfield><controlfield tag="008">110114s1000------------r-----000-0-fre-d</controlfield><datafield ind1=" " ind2=" " tag="040"><subfield code="a">IFIN-HH</subfield></datafield><datafield ind1=" " ind2=" " tag="041"><subfield code="a">fre</subfield></datafield><datafield ind1=" " ind2=" " tag="080"><subfield code="a">533.9(043)</subfield></datafield><datafield ind1="1" ind2=" " tag="100"><subfield code="a">Pantuso Sudano, Jose</subfield></datafield><datafield ind1="1" ind2="0" tag="245"><subfield code="a">Mouvement de plasmas dans des champs magnetiques a geometrie complexe</subfield><subfield code="b">These</subfield><subfield code="c">Jose pantuso sudano</subfield></datafield><datafield ind1=" " ind2=" " tag="260"><subfield code="a">Paris</subfield><subfield code="b">Faculte Des Sciences De Paris Vii</subfield><subfield code="c">1972</subfield></datafield><datafield ind1=" " ind2=" " tag="300"><subfield code="a">DEUX PARTIES</subfield></datafield><datafield ind1="1" ind2=" " tag="787"><subfield code="a">Part Ii</subfield><subfield code="h">/Pag. Dif.</subfield><subfield code="t">Troisieme A Cinquieme Partie</subfield></datafield><datafield ind1=" " ind2=" " tag="852"><subfield code="a">40410</subfield><subfield code="c">533.9</subfield></datafield><datafield ind1=" " ind2=" " tag="CAT"><subfield code="a">Sys</subfield><subfield code="c">20110114</subfield><subfield code="h">110849</subfield></datafield></record></collection>